@book{10.5555/1671238,
    title = {{Artificial Intelligence: A Modern Approach}},
    year = {2009},
    author = {Russell, Stuart and Norvig, Peter},
    edition = {3rd},
    publisher = {Prentice Hall Press},
    address = {USA},
    isbn = {0136042597}
}

@inproceedings{Siddiqi2005CreditRS,
    title = {{Credit Risk Scorecards: Developing and Implementing Intelligent Credit Scoring}},
    year = {2005},
    author = {Siddiqi, Naeem}
}

@misc{GradientDescent,
    title = {{Gradient Descent and Stochastic Gradient Descent}},
    url = {https://rasbt.github.io/mlxtend/user_guide/general_concepts/gradient-optimization/},
    howpublished = {https://rasbt.github.io/mlxtend/user{\_}guide/general{\_}concepts/gradient-optimization/}
}

@book{Hastie2009ThePrediction,
    title = {{The Elements of Statistical Learning: Data Mining, Inference, and Prediction}},
    year = {2009},
    author = {Hastie, T and Tibshirani, R and Friedman, J H},
    series = {Springer series in statistics},
    publisher = {Springer},
    url = {https://books.google.co.za/books?id=eBSgoAEACAAJ},
    isbn = {9780387848846}
}