@inproceedings{lime,
    title = {{"Why Should {\{}I{\}} Trust You?": Explaining the Predictions of Any Classifier}},
    year = {2016},
    booktitle = {Proceedings of the 22nd {\{}ACM{\}} {\{}SIGKDD{\}} International Conference on Knowledge Discovery and Data Mining, San Francisco, CA, USA, August 13-17, 2016},
    author = {Ribeiro, Marco Tulio and Singh, Sameer and Guestrin, Carlos},
    pages = {1135--1144}
}

@incollection{NIPS2017_7062,
    title = {{A Unified Approach to Interpreting Model Predictions}},
    year = {2017},
    booktitle = {Advances in Neural Information Processing Systems 30},
    author = {Lundberg, Scott M and Lee, Su-In},
    editor = {Guyon, I and Luxburg, U V and Bengio, S and Wallach, H and Fergus, R and Vishwanathan, S and Garnett, R},
    pages = {4765--4774},
    publisher = {Curran Associates, Inc.},
    url = {http://papers.nips.cc/paper/7062-a-unified-approach-to-interpreting-model-predictions.pdf}
}

@techreport{shapley1952value,
    title = {{A value for n-person games}},
    year = {1952},
    author = {Shapley, Lloyd S},
    institution = {Rand Corp Santa Monica CA}
}

@inproceedings{inproceedings,
    title = {{Algorithmic Transparency via Quantitative Input Influence: Theory and Experiments with Learning Systems}},
    year = {2016},
    author = {Datta, Anupam and Sen, Shayak and Zick, Yair},
    pages = {598--617},
    doi = {10.1109/SP.2016.42}
}

@article{article,
    title = {{Analysis of Regression in Game Theory Approach}},
    year = {2001},
    journal = {Applied Stochastic Models in Business and Industry},
    author = {Lipovetsky, Stan and Conklin, Michael},
    pages = {319--330},
    volume = {17},
    doi = {10.1002/asmb.446}
}

@article{articleb,
    title = {{Explaining prediction models and individual predictions with feature contributions}},
    year = {2013},
    journal = {Knowledge and Information Systems},
    author = {{\v{S}}trumbelj, Erik and Kononenko, Igor},
    pages = {647--665},
    volume = {41},
    doi = {10.1007/s10115-013-0679-x}
}

@article{DBLP:journals/corr/ShrikumarGK17,
    title = {{Learning Important Features Through Propagating Activation Differences}},
    year = {2017},
    journal = {CoRR},
    author = {Shrikumar, Avanti and Greenside, Peyton and Kundaje, Anshul},
    volume = {abs/1704.0},
    url = {http://arxiv.org/abs/1704.02685},
    arxivId = {1704.02685}
}

@article{DBLP:journals/corr/ShrikumarGSK16,
    title = {{Not Just a Black Box: Learning Important Features Through Propagating Activation Differences}},
    year = {2016},
    journal = {CoRR},
    author = {Shrikumar, Avanti and Greenside, Peyton and Shcherbina, Anna and Kundaje, Anshul},
    volume = {abs/1605.0},
    url = {http://arxiv.org/abs/1605.01713},
    arxivId = {1605.01713}
}

@inproceedings{10.1007/978-3-540-88693-8_52,
    title = {{Quick Shift and Kernel Methods for Mode Seeking}},
    year = {2008},
    booktitle = {Computer Vision -- ECCV 2008},
    author = {Vedaldi, Andrea and Soatto, Stefano},
    editor = {Forsyth, David and Torr, Philip and Zisserman, Andrew},
    pages = {705--718},
    publisher = {Springer Berlin Heidelberg},
    address = {Berlin, Heidelberg},
    isbn = {978-3-540-88693-8}
}

@article{olah2018the,
    title = {{The Building Blocks of Interpretability}},
    year = {2018},
    journal = {Distill},
    author = {Olah, Chris and Satyanarayan, Arvind and Johnson, Ian and Carter, Shan and Schubert, Ludwig and Ye, Katherine and Mordvintsev, Alexander},
    doi = {10.23915/distill.00010}
}

@misc{Https://github.com/marcotcr/lime,
    title = {{https://github.com/marcotcr/lime}},
    url = {https://github.com/marcotcr/lime}
}

@misc{Https://github.com/tensorflow/lucid,
    title = {{https://github.com/tensorflow/lucid}},
    url = {https://github.com/tensorflow/lucid}
}

@article{Bach2015OnPropagation,
    title = {{On Pixel-Wise Explanations for Non-Linear Classifier Decisions by Layer-Wise Relevance Propagation}},
    year = {2015},
    journal = {PloS one},
    author = {Bach, Sebastian and Binder, Alexander and Montavon, Grégoire and Klauschen, Frederick and M{\"{u}}ller, Klaus-Robert and Samek, Wojciech},
    number = {7},
    month = {7},
    pages = {e0130140-e0130140},
    volume = {10},
    publisher = {Public Library of Science},
    url = {https://pubmed.ncbi.nlm.nih.gov/26161953 https://www.ncbi.nlm.nih.gov/pmc/articles/PMC4498753/},
    doi = {10.1371/journal.pone.0130140},
    issn = {1932-6203},
    keywords = {Algorithms, Artificial Intelligence, Humans, Image Processing, Computer-Assisted/*methods, Pattern Recognition, Automated/*methods},
    language = {eng}
}

@article{Bach2015OnPropagationb,
    title = {{On Pixel-Wise Explanations for Non-Linear Classifier Decisions by Layer-Wise Relevance Propagation}},
    year = {2015},
    journal = {PloS one},
    author = {Bach, Sebastian and Binder, Alexander and Montavon, Grégoire and Klauschen, Frederick and M{\"{u}}ller, Klaus-Robert and Samek, Wojciech},
    number = {7},
    month = {7},
    pages = {e0130140-e0130140},
    volume = {10},
    publisher = {Public Library of Science},
    url = {https://pubmed.ncbi.nlm.nih.gov/26161953 https://www.ncbi.nlm.nih.gov/pmc/articles/PMC4498753/},
    doi = {10.1371/journal.pone.0130140},
    issn = {1932-6203},
    keywords = {Algorithms, Artificial Intelligence, Humans, Image Processing, Computer-Assisted/*methods, Pattern Recognition, Automated/*methods},
    language = {eng}
}

@article{Bach2015OnPropagationc,
    title = {{On Pixel-Wise Explanations for Non-Linear Classifier Decisions by Layer-Wise Relevance Propagation}},
    year = {2015},
    journal = {PloS one},
    author = {Bach, Sebastian and Binder, Alexander and Montavon, Grégoire and Klauschen, Frederick and M{\"{u}}ller, Klaus-Robert and Samek, Wojciech},
    number = {7},
    month = {7},
    pages = {e0130140-e0130140},
    volume = {10},
    publisher = {Public Library of Science},
    url = {https://pubmed.ncbi.nlm.nih.gov/26161953 https://www.ncbi.nlm.nih.gov/pmc/articles/PMC4498753/},
    doi = {10.1371/journal.pone.0130140},
    issn = {1932-6203},
    keywords = {Algorithms, Artificial Intelligence, Humans, Image Processing, Computer-Assisted/*methods, Pattern Recognition, Automated/*methods},
    language = {eng}
}