@inproceedings{lime,
    title = {{"Why Should {\{}I{\}} Trust You?": Explaining the Predictions of Any Classifier}},
    year = {2016},
    booktitle = {Proceedings of the 22nd {\{}ACM{\}} {\{}SIGKDD{\}} International Conference on Knowledge Discovery and Data Mining, San Francisco, CA, USA, August 13-17, 2016},
    author = {Ribeiro, Marco Tulio and Singh, Sameer and Guestrin, Carlos},
    pages = {1135--1144}
}

@inproceedings{Wu2013ACS,
    title = {{A Comparative Study of SIFT and its Variants}},
    year = {2013},
    author = {Wu, Jian and Cui, Zhiming and Sheng, V and Zhao, Pengpeng and Su, Dongliang and Gong, Shengrong}
}

@article{10.1145/285055.285059,
    title = {{A Threshold of Ln <i>n</i> for Approximating Set Cover}},
    year = {1998},
    journal = {J. ACM},
    author = {Feige, Uriel},
    number = {4},
    month = {7},
    pages = {634–652},
    volume = {45},
    publisher = {Association for Computing Machinery},
    url = {https://doi.org/10.1145/285055.285059},
    address = {New York, NY, USA},
    doi = {10.1145/285055.285059},
    issn = {0004-5411},
    keywords = {approximation ratio, set cover}
}

@incollection{NIPS2017_7062,
    title = {{A Unified Approach to Interpreting Model Predictions}},
    year = {2017},
    booktitle = {Advances in Neural Information Processing Systems 30},
    author = {Lundberg, Scott M and Lee, Su-In},
    editor = {Guyon, I and Luxburg, U V and Bengio, S and Wallach, H and Fergus, R and Vishwanathan, S and Garnett, R},
    pages = {4765--4774},
    publisher = {Curran Associates, Inc.},
    url = {http://papers.nips.cc/paper/7062-a-unified-approach-to-interpreting-model-predictions.pdf}
}

@techreport{shapley1952value,
    title = {{A value for n-person games}},
    year = {1952},
    author = {Shapley, Lloyd S},
    institution = {Rand Corp Santa Monica CA}
}

@article{article,
    title = {{Addressing the Curse of Imbalanced Training Sets: One-Sided Selection}},
    year = {2000},
    journal = {Fourteenth International Conference on Machine Learning},
    author = {Kubat, M}
}

@inproceedings{inproceedings,
    title = {{Algorithmic Transparency via Quantitative Input Influence: Theory and Experiments with Learning Systems}},
    year = {2016},
    author = {Datta, Anupam and Sen, Shayak and Zick, Yair},
    pages = {598--617},
    doi = {10.1109/SP.2016.42}
}

@article{DBLP:journals/corr/Ruder16,
    title = {{An overview of gradient descent optimization algorithms}},
    year = {2016},
    journal = {CoRR},
    author = {Ruder, Sebastian},
    volume = {abs/1609.0},
    url = {http://arxiv.org/abs/1609.04747},
    arxivId = {1609.04747}
}

@misc{buhrmester2019analysis,
    title = {{Analysis of Explainers of Black Box Deep Neural Networks for Computer Vision: A Survey}},
    year = {2019},
    author = {Buhrmester, Vanessa and M�nch, David and Arens, Michael},
    arxivId = {cs.AI/1911.12116}
}

@article{articleb,
    title = {{Analysis of Regression in Game Theory Approach}},
    year = {2001},
    journal = {Applied Stochastic Models in Business and Industry},
    author = {Lipovetsky, Stan and Conklin, Michael},
    pages = {319--330},
    volume = {17},
    doi = {10.1002/asmb.446}
}

@article{Wang_2018,
    title = {{Analysis of the Mean Absolute Error ({\{}MAE{\}}) and the Root Mean Square Error ({\{}RMSE{\}}) in Assessing Rounding Model}},
    year = {2018},
    journal = {{\{}IOP{\}} Conference Series: Materials Science and Engineering},
    author = {Wang, Weijie and Lu, Yanmin},
    month = {3},
    pages = {12049},
    volume = {324},
    publisher = {{\{}IOP{\}} Publishing},
    url = {https://doi.org/10.1088%2F1757-899x%2F324%2F1%2F012049},
    doi = {10.1088/1757-899x/324/1/012049}
}

@book{10.5555/1671238,
    title = {{Artificial Intelligence: A Modern Approach}},
    year = {2009},
    author = {Russell, Stuart and Norvig, Peter},
    edition = {3rd},
    publisher = {Prentice Hall Press},
    address = {USA},
    isbn = {0136042597}
}

@article{DBLP:journals/corr/SundararajanTY17,
    title = {{Axiomatic Attribution for Deep Networks}},
    year = {2017},
    journal = {CoRR},
    author = {Sundararajan, Mukund and Taly, Ankur and Yan, Qiqi},
    volume = {abs/1703.0},
    url = {http://arxiv.org/abs/1703.01365},
    arxivId = {1703.01365}
}

@article{rubin1978,
    title = {{Bayesian Inference for Causal Effects: The Role of Randomization}},
    year = {1978},
    journal = {Ann. Statist.},
    author = {Rubin, Donald B},
    number = {1},
    pages = {34--58},
    volume = {6},
    publisher = {The Institute of Mathematical Statistics},
    url = {https://doi.org/10.1214/aos/1176344064},
    doi = {10.1214/aos/1176344064}
}

@article{jia2014caffe,
    title = {{Caffe: Convolutional Architecture for Fast Feature Embedding}},
    year = {2014},
    journal = {arXiv preprint arXiv:1408.5093},
    author = {Jia, Yangqing and Shelhamer, Evan and Donahue, Jeff and Karayev, Sergey and Long, Jonathan and Girshick, Ross and Guadarrama, Sergio and Darrell, Trevor}
}

@book{10.5555/1642718,
    title = {{Causality: Models, Reasoning and Inference}},
    year = {2009},
    author = {Pearl, Judea},
    edition = {2nd},
    publisher = {Cambridge University Press},
    address = {USA},
    isbn = {052189560X}
}

@article{articlec,
    title = {{Classification and Regression Trees}},
    year = {2011},
    journal = {Wiley Interdisciplinary Reviews: Data Mining and Knowledge Discovery},
    author = {Loh, Wei-Yin},
    pages = {14--23},
    volume = {1},
    doi = {10.1002/widm.8}
}

@incollection{inbook,
    title = {{Computational Methods and Optimization}},
    year = {2011},
    booktitle = {Machining of Hard Materials},
    author = {Quiza, Ramon and Davim, J},
    pages = {177--208},
    isbn = {978-1-84996-449-4},
    doi = {10.1007/978-1-84996-450-0}
}

@article{DBLP:journals/corr/PapernotMSH16,
    title = {{Crafting Adversarial Input Sequences for Recurrent Neural Networks}},
    year = {2016},
    journal = {CoRR},
    author = {Papernot, Nicolas and McDaniel, Patrick D and Swami, Ananthram and Harang, Richard E},
    volume = {abs/1604.0},
    url = {http://arxiv.org/abs/1604.08275},
    arxivId = {1604.08275}
}

@inproceedings{Siddiqi2005CreditRS,
    title = {{Credit Risk Scorecards: Developing and Implementing Intelligent Credit Scoring}},
    year = {2005},
    author = {Siddiqi, Naeem}
}

@misc{simonyan2014deep,
    title = {{Deep Inside Convolutional Networks: Visualising Image Classification Models and Saliency Maps}},
    year = {2014},
    author = {Simonyan, Karen and Vedaldi, Andrea and Zisserman, Andrew},
    arxivId = {cs.CV/1312.6034}
}

@article{DBLP:journals/corr/Schmidhuber14,
    title = {{Deep Learning in Neural Networks: An Overview}},
    year = {2014},
    journal = {CoRR},
    author = {Schmidhuber, Jürgen},
    volume = {abs/1404.7},
    url = {http://arxiv.org/abs/1404.7828},
    arxivId = {1404.7828}
}

@article{DBLP:journals/corr/HosseiniP17,
    title = {{Deep Neural Networks Do Not Recognize Negative Images}},
    year = {2017},
    journal = {CoRR},
    author = {Hosseini, Hossein and Poovendran, Radha},
    volume = {abs/1703.0},
    url = {http://arxiv.org/abs/1703.06857},
    arxivId = {1703.06857}
}

@incollection{doi:10.1142/9789812813312_0009,
    title = {{Detecting Payment Card Fraud with Neural Networks}},
    booktitle = {Business Applications of Neural Networks},
    author = {Hassibi, Khosrow},
    pages = {141--157},
    url = {https://www.worldscientific.com/doi/abs/10.1142/9789812813312_0009},
    doi = {10.1142/9789812813312{\_}0009}
}

@misc{goodfellow2015explaining,
    title = {{Explaining and Harnessing Adversarial Examples}},
    year = {2015},
    author = {Goodfellow, Ian J and Shlens, Jonathon and Szegedy, Christian},
    arxivId = {stat.ML/1412.6572}
}

@article{DBLP:journals/corr/MontavonBBSM15,
    title = {{Explaining NonLinear Classification Decisions with Deep Taylor Decomposition}},
    year = {2015},
    journal = {CoRR},
    author = {Montavon, Grégoire and Bach, Sebastian and Binder, Alexander and Samek, Wojciech and M{\"{u}}ller, Klaus-Robert},
    volume = {abs/1512.0},
    url = {http://arxiv.org/abs/1512.02479},
    arxivId = {1512.02479}
}

@article{articled,
    title = {{Explaining prediction models and individual predictions with feature contributions}},
    year = {2013},
    journal = {Knowledge and Information Systems},
    author = {{\v{S}}trumbelj, Erik and Kononenko, Igor},
    pages = {647--665},
    volume = {41},
    doi = {10.1007/s10115-013-0679-x}
}

@inproceedings{Craven1995ExtractingTR,
    title = {{Extracting Thee-Structured Representations of Thained Networks}},
    year = {1995},
    author = {Craven, Mark W and Shavlik, J}
}

@misc{slack2020fooling,
    title = {{Fooling LIME and SHAP: Adversarial Attacks on Post hoc Explanation Methods}},
    year = {2020},
    author = {Slack, Dylan and Hilgard, Sophie and Jia, Emily and Singh, Sameer and Lakkaraju, Himabindu},
    arxivId = {cs.LG/1911.02508}
}

@article{HARRISON197881,
    title = {{Hedonic housing prices and the demand for clean air}},
    year = {1978},
    journal = {Journal of Environmental Economics and Management},
    author = {Harrison, David and Rubinfeld, Daniel L},
    number = {1},
    pages = {81--102},
    volume = {5},
    url = {http://www.sciencedirect.com/science/article/pii/0095069678900062},
    doi = {https://doi.org/10.1016/0095-0696(78)90006-2},
    issn = {0095-0696}
}

@inproceedings{10.1145/2783258.2788613,
    title = {{Intelligible Models for HealthCare: Predicting Pneumonia Risk and Hospital 30-Day Readmission}},
    year = {2015},
    booktitle = {Proceedings of the 21th ACM SIGKDD International Conference on Knowledge Discovery and Data Mining},
    author = {Caruana, Rich and Lou, Yin and Gehrke, Johannes and Koch, Paul and Sturm, Marc and Elhadad, Noemie},
    pages = {1721–1730},
    series = {KDD '15},
    publisher = {Association for Computing Machinery},
    url = {https://doi.org/10.1145/2783258.2788613},
    address = {New York, NY, USA},
    isbn = {9781450336642},
    doi = {10.1145/2783258.2788613},
    keywords = {additive models, classification, healthcare, intelligibility, interaction detection, logistic regression, risk prediction}
}

@article{DBLP:journals/corr/LakkarajuKCL17,
    title = {{Interpretable {\&} Explorable Approximations of Black Box Models}},
    year = {2017},
    journal = {CoRR},
    author = {Lakkaraju, Himabindu and Kamar, Ece and Caruana, Rich and Leskovec, Jure},
    volume = {abs/1707.0},
    url = {http://arxiv.org/abs/1707.01154},
    arxivId = {1707.01154}
}

@inproceedings{inproceedingsb,
    title = {{Interpretable Decision Sets: A Joint Framework for Description and Prediction}},
    year = {2016},
    booktitle = {KDD : proceedings. International Conference on Knowledge Discovery {\&} Data Mining},
    author = {Lakkaraju, Himabindu and Bach, Stephen and Leskovec, Jure},
    pages = {1675--1684},
    volume = {2016},
    doi = {10.1145/2939672.2939874}
}

@article{DBLP:journals/corr/abs-1802-00560,
    title = {{Interpretable Deep Convolutional Neural Networks via Meta-learning}},
    year = {2018},
    journal = {CoRR},
    author = {Liu, Xuan and Wang, Xiaoguang and Matwin, Stan},
    volume = {abs/1802.0},
    url = {http://arxiv.org/abs/1802.00560},
    arxivId = {1802.00560}
}

@book{molnar2019,
    title = {{Interpretable Machine Learning}},
    year = {2019},
    author = {Molnar, Christoph}
}

@misc{szegedy2014intriguing,
    title = {{Intriguing properties of neural networks}},
    year = {2014},
    author = {Szegedy, Christian and Zaremba, Wojciech and Sutskever, Ilya and Bruna, Joan and Erhan, Dumitru and Goodfellow, Ian and Fergus, Rob},
    arxivId = {cs.CV/1312.6199}
}

@inproceedings{10.5555/946247.946677,
    title = {{Learning a Classification Model for Segmentation}},
    year = {2003},
    booktitle = {Proceedings of the Ninth IEEE International Conference on Computer Vision - Volume 2},
    author = {Ren, Xiaofeng and Malik, Jitendra},
    pages = {10},
    series = {ICCV '03},
    publisher = {IEEE Computer Society},
    address = {USA},
    isbn = {0769519504}
}

@article{DBLP:journals/corr/ShrikumarGK17,
    title = {{Learning Important Features Through Propagating Activation Differences}},
    year = {2017},
    journal = {CoRR},
    author = {Shrikumar, Avanti and Greenside, Peyton and Kundaje, Anshul},
    volume = {abs/1704.0},
    url = {http://arxiv.org/abs/1704.02685},
    arxivId = {1704.02685}
}

@incollection{10.5555/65669.104451,
    title = {{Learning Representations by Back-Propagating Errors}},
    year = {1988},
    booktitle = {Neurocomputing: Foundations of Research},
    author = {Rumelhart, David E and Hinton, Geoffrey E and Williams, Ronald J},
    pages = {696–699},
    publisher = {MIT Press},
    address = {Cambridge, MA, USA},
    isbn = {0262010976}
}

@article{DBLP:journals/corr/MontavonSM17,
    title = {{Methods for Interpreting and Understanding Deep Neural Networks}},
    year = {2017},
    journal = {CoRR},
    author = {Montavon, Grégoire and Samek, Wojciech and M{\"{u}}ller, Klaus-Robert},
    volume = {abs/1706.0},
    url = {http://arxiv.org/abs/1706.07979},
    arxivId = {1706.07979}
}

@inproceedings{809773,
    title = {{Neural data mining for credit card fraud detection}},
    year = {1999},
    booktitle = {Proceedings 11th International Conference on Tools with Artificial Intelligence},
    author = {Brause, R and Langsdorf, T and Hepp, M},
    month = {11},
    pages = {103--106},
    doi = {10.1109/TAI.1999.809773},
    issn = {1082-3409},
    keywords = {data mining;fraud;credit transactions;neural nets;}
}

@article{DBLP:journals/corr/abs-1902-02302,
    title = {{Neural Network Attributions: {\{}A{\}} Causal Perspective}},
    year = {2019},
    journal = {CoRR},
    author = {Chattopadhyay, Aditya and Manupriya, Piyushi and Sarkar, Anirban and Balasubramanian, Vineeth N},
    volume = {abs/1902.0},
    url = {http://arxiv.org/abs/1902.02302},
    arxivId = {1902.02302}
}

@book{10.5555/525960,
    title = {{Neural Networks for Pattern Recognition}},
    year = {1995},
    author = {Bishop, Christopher M},
    publisher = {Oxford University Press, Inc.},
    address = {USA},
    isbn = {0198538642}
}

@article{DBLP:journals/corr/ShrikumarGSK16,
    title = {{Not Just a Black Box: Learning Important Features Through Propagating Activation Differences}},
    year = {2016},
    journal = {CoRR},
    author = {Shrikumar, Avanti and Greenside, Peyton and Shcherbina, Anna and Kundaje, Anshul},
    volume = {abs/1605.0},
    url = {http://arxiv.org/abs/1605.01713},
    arxivId = {1605.01713}
}

@article{ribeiro2016nothing,
    title = {{Nothing else matters: model-agnostic explanations by identifying prediction invariance}},
    year = {2016},
    journal = {arXiv preprint arXiv:1611.05817},
    author = {Ribeiro, Marco Tulio and Singh, Sameer and Guestrin, Carlos}
}

@article{kullback1951information,
    title = {{On information and sufficiency}},
    year = {1951},
    journal = {The annals of mathematical statistics},
    author = {Kullback, Solomon and Leibler, Richard A},
    number = {1},
    pages = {79--86},
    volume = {22},
    publisher = {JSTOR}
}

@article{10.1162/neco.2006.18.8.1868,
    title = {{On the Analysis and Interpretation of Inhomogeneous Quadratic Forms as Receptive Fields}},
    year = {2006},
    journal = {Neural Comput.},
    author = {Berkes, Pietro and Wiskott, Laurenz},
    number = {8},
    month = {8},
    pages = {1868–1895},
    volume = {18},
    publisher = {MIT Press},
    url = {https://doi.org/10.1162/neco.2006.18.8.1868},
    address = {Cambridge, MA, USA},
    doi = {10.1162/neco.2006.18.8.1868},
    issn = {0899-7667}
}

@inproceedings{10.1007/978-3-540-88693-8_52,
    title = {{Quick Shift and Kernel Methods for Mode Seeking}},
    year = {2008},
    booktitle = {Computer Vision -- ECCV 2008},
    author = {Vedaldi, Andrea and Soatto, Stefano},
    editor = {Forsyth, David and Torr, Philip and Zisserman, Andrew},
    pages = {705--718},
    publisher = {Springer Berlin Heidelberg},
    address = {Berlin, Heidelberg},
    isbn = {978-3-540-88693-8}
}

@incollection{inbookb,
    title = {{Random Forests}},
    year = {2011},
    booktitle = {Machine Learning - ML},
    author = {Cutler, Adele and Cutler, David and Stevens, John},
    pages = {157--176},
    volume = {45},
    doi = {10.1007/978-1-4419-9326-7{\_}5}
}

@article{10.1023/A:1012460413855,
    title = {{Saliency, Scale and Image Description}},
    year = {2001},
    journal = {Int. J. Comput. Vision},
    author = {Kadir, Timor and Brady, Michael},
    number = {2},
    month = {11},
    pages = {83–105},
    volume = {45},
    publisher = {Kluwer Academic Publishers},
    url = {https://doi.org/10.1023/A:1012460413855},
    address = {USA},
    doi = {10.1023/A:1012460413855},
    issn = {0920-5691},
    keywords = {entropy, feature extraction, image content descriptors, image database, salient features, scale selection, scale-space, visual saliency}
}

@article{Vinciotti2003ScorecardCW,
    title = {{Scorecard construction with unbalanced class sizes}},
    year = {2003},
    journal = {Journal of the Iranian Statistical Society},
    author = {Vinciotti, V and Hand, D},
    pages = {189--205},
    volume = {2}
}

@incollection{Zhou2008,
    title = {{Sensitivity Analysis}},
    year = {2008},
    booktitle = {Encyclopedia of GIS},
    author = {Zhou, Xiaobo and Lin, Henry},
    editor = {Shekhar, Shashi and Xiong, Hui},
    pages = {1046--1048},
    publisher = {Springer US},
    url = {https://doi.org/10.1007/978-0-387-35973-1_1191},
    address = {Boston, MA},
    isbn = {978-0-387-35973-1},
    doi = {10.1007/978-0-387-35973-1{\_}1191}
}

@article{10.1016/j.cviu.2007.09.014,
    title = {{Speeded-Up Robust Features (SURF)}},
    year = {2008},
    journal = {Comput. Vis. Image Underst.},
    author = {Bay, Herbert and Ess, Andreas and Tuytelaars, Tinne and Van Gool, Luc},
    number = {3},
    month = {6},
    pages = {346–359},
    volume = {110},
    publisher = {Elsevier Science Inc.},
    url = {https://doi.org/10.1016/j.cviu.2007.09.014},
    address = {USA},
    doi = {10.1016/j.cviu.2007.09.014},
    issn = {1077-3142},
    keywords = {Camera calibration, Feature description, Interest points, Local features, Object recognition}
}

@article{olah2018the,
    title = {{The Building Blocks of Interpretability}},
    year = {2018},
    journal = {Distill},
    author = {Olah, Chris and Satyanarayan, Arvind and Johnson, Ian and Carter, Shan and Schubert, Ludwig and Ye, Katherine and Mordvintsev, Alexander},
    doi = {10.23915/distill.00010}
}

@article{articlee,
    title = {{The Class Imbalance Problem: A Systematic Study}},
    year = {2002},
    journal = {Intell. Data Anal.},
    author = {Japkowicz, Nathalie and Stephen, Shaju},
    pages = {429--449},
    volume = {6},
    doi = {10.3233/IDA-2002-6504}
}

@article{DBLP:journals/corr/abs-1210-4852,
    title = {{The Do-Calculus Revisited}},
    year = {2012},
    journal = {CoRR},
    author = {Pearl, Judea},
    volume = {abs/1210.4},
    url = {http://arxiv.org/abs/1210.4852},
    arxivId = {1210.4852}
}

@article{DBLP:journals/corr/YosinskiCNFL15,
    title = {{Understanding Neural Networks Through Deep Visualization}},
    year = {2015},
    journal = {CoRR},
    author = {Yosinski, Jason and Clune, Jeff and Nguyen, Anh Mai and Fuchs, Thomas J and Lipson, Hod},
    volume = {abs/1506.0},
    url = {http://arxiv.org/abs/1506.06579},
    arxivId = {1506.06579}
}

@misc{louppe2015understanding,
    title = {{Understanding Random Forests: From Theory to Practice}},
    year = {2015},
    author = {Louppe, Gilles},
    arxivId = {stat.ML/1407.7502}
}

@article{articlef,
    title = {{Visualizing Higher-Layer Features of a Deep Network}},
    year = {2009},
    journal = {Technical Report, Univerist{\'{e}} de Montr{\'{e}}al},
    author = {Erhan, Dumitru and Bengio, Y and Courville, Aaron and Vincent, Pascal}
}

@article{Szumilas2010ExplainingRatios,
    title = {{Explaining odds ratios}},
    year = {2010},
    journal = {Journal of the Canadian Academy of Child and Adolescent Psychiatry = Journal de l'Academie canadienne de psychiatrie de l'enfant et de l'adolescent},
    author = {Szumilas, Magdalena},
    number = {3},
    month = {8},
    pages = {227--229},
    volume = {19},
    publisher = {Canadian Academy of Child and Adolescent Psychiatry},
    url = {https://pubmed.ncbi.nlm.nih.gov/20842279 https://www.ncbi.nlm.nih.gov/pmc/articles/PMC2938757/},
    issn = {2293-6122},
    language = {eng}
}

@misc{GradientDescent,
    title = {{Gradient Descent and Stochastic Gradient Descent}},
    url = {https://rasbt.github.io/mlxtend/user_guide/general_concepts/gradient-optimization/},
    howpublished = {https://rasbt.github.io/mlxtend/user{\_}guide/general{\_}concepts/gradient-optimization/}
}

@misc{Http://lib.stat.cmu.edu/datasets/boston,
    title = {{http://lib.stat.cmu.edu/datasets/boston}},
    url = {http://lib.stat.cmu.edu/datasets/boston}
}

@misc{Https://github.com/marcotcr/lime,
    title = {{https://github.com/marcotcr/lime}},
    url = {https://github.com/marcotcr/lime}
}

@misc{Https://github.com/tensorflow/lucid,
    title = {{https://github.com/tensorflow/lucid}},
    url = {https://github.com/tensorflow/lucid}
}

@article{Bach2015OnPropagation,
    title = {{On Pixel-Wise Explanations for Non-Linear Classifier Decisions by Layer-Wise Relevance Propagation}},
    year = {2015},
    journal = {PloS one},
    author = {Bach, Sebastian and Binder, Alexander and Montavon, Grégoire and Klauschen, Frederick and M{\"{u}}ller, Klaus-Robert and Samek, Wojciech},
    number = {7},
    month = {7},
    pages = {e0130140-e0130140},
    volume = {10},
    publisher = {Public Library of Science},
    url = {https://pubmed.ncbi.nlm.nih.gov/26161953 https://www.ncbi.nlm.nih.gov/pmc/articles/PMC4498753/},
    doi = {10.1371/journal.pone.0130140},
    issn = {1932-6203},
    keywords = {Algorithms, Artificial Intelligence, Humans, Image Processing, Computer-Assisted/*methods, Pattern Recognition, Automated/*methods},
    language = {eng}
}

@article{Bach2015OnPropagationb,
    title = {{On Pixel-Wise Explanations for Non-Linear Classifier Decisions by Layer-Wise Relevance Propagation}},
    year = {2015},
    journal = {PloS one},
    author = {Bach, Sebastian and Binder, Alexander and Montavon, Grégoire and Klauschen, Frederick and M{\"{u}}ller, Klaus-Robert and Samek, Wojciech},
    number = {7},
    month = {7},
    pages = {e0130140-e0130140},
    volume = {10},
    publisher = {Public Library of Science},
    url = {https://pubmed.ncbi.nlm.nih.gov/26161953 https://www.ncbi.nlm.nih.gov/pmc/articles/PMC4498753/},
    doi = {10.1371/journal.pone.0130140},
    issn = {1932-6203},
    keywords = {Algorithms, Artificial Intelligence, Humans, Image Processing, Computer-Assisted/*methods, Pattern Recognition, Automated/*methods},
    language = {eng}
}

@article{Bach2015OnPropagationc,
    title = {{On Pixel-Wise Explanations for Non-Linear Classifier Decisions by Layer-Wise Relevance Propagation}},
    year = {2015},
    journal = {PloS one},
    author = {Bach, Sebastian and Binder, Alexander and Montavon, Grégoire and Klauschen, Frederick and M{\"{u}}ller, Klaus-Robert and Samek, Wojciech},
    number = {7},
    month = {7},
    pages = {e0130140-e0130140},
    volume = {10},
    publisher = {Public Library of Science},
    url = {https://pubmed.ncbi.nlm.nih.gov/26161953 https://www.ncbi.nlm.nih.gov/pmc/articles/PMC4498753/},
    doi = {10.1371/journal.pone.0130140},
    issn = {1932-6203},
    keywords = {Algorithms, Artificial Intelligence, Humans, Image Processing, Computer-Assisted/*methods, Pattern Recognition, Automated/*methods},
    language = {eng}
}

@misc{RandomData,
    title = {{Random forest interpretation with scikit-learn | Diving into data}},
    url = {https://blog.datadive.net/random-forest-interpretation-with-scikit-learn/}
}

@book{Hastie2009ThePrediction,
    title = {{The Elements of Statistical Learning: Data Mining, Inference, and Prediction}},
    year = {2009},
    author = {Hastie, T and Tibshirani, R and Friedman, J H},
    series = {Springer series in statistics},
    publisher = {Springer},
    url = {https://books.google.co.za/books?id=eBSgoAEACAAJ},
    isbn = {9780387848846}
}